@misc{mosek,
  author       = {MOSEK ApS},
  title        = {MOSEK Modeling Cookbook},
  year         = 2019,
  howpublished = {\href{https://docs.mosek.com/modeling-cookbook/cqo.html}{MOSEK}}
}

@misc{scipyScipySparseCsc_matrix,
  title        = {scipy.sparse.csc\_matrix},
  author       = {SciPy},
  year         = 2023,
  howpublished = {\href{https://docs.scipy.org/doc/scipy/reference/generated/scipy.sparse.csc_matrix.html}{SciPy}}
}

@misc{Hamaguchi_stabilizer_extent_2024,
  title        = {{stabilizer\_extent}},
  author       = {Hamaguchi, Hiroki and Hamada, Kou and Yoshioka, Nobuyuki},
  year         = {2024},
  howpublished = {\href{https://github.com/quantum-programming/stabilizer\_extent}{GitHub Repository}}
}
